<?xml version="1.0" encoding="UTF-8"?><collection xmlns="http://www.loc.gov/MARC21/slim"><record><leader>00386nam--2200145-i-4500</leader><controlfield tag="001">000002468</controlfield><controlfield tag="002">20161230</controlfield><controlfield tag="005">20161230201025</controlfield><controlfield tag="008">060222s1000------------r-----000-0-eng-d</controlfield><datafield ind1=" " ind2=" " tag="100"><subfield code="a">Celeyrette, Jean</subfield></datafield><datafield ind1=" " ind2=" " tag="245"><subfield code="a">Categories internes et fibrations. these</subfield></datafield><datafield ind1=" " ind2=" " tag="260"><subfield code="a">Paris, Universite De Paris-nord, 1975</subfield></datafield><datafield ind1=" " ind2=" " tag="300"><subfield code="a">Pag. dif</subfield></datafield><datafield ind1=" " ind2=" " tag="852"><subfield code="a">44137</subfield><subfield code="c">513.83</subfield></datafield><datafield ind1=" " ind2=" " tag="CAT"><subfield code="a">Sys</subfield><subfield code="c">20080609</subfield><subfield code="h">103810</subfield></datafield></record></collection>